@Misc{deep-tabnine2019,
  author =     {{TabNine, Inc.}},
  title =      {Autocompletion with deep learning},
  howpublished = {https://tabnine.com/blog/deep/},
  month =      {July 15},
  year =   2019,
  note =   {Accessed February 11, 2020.}}

@article{little2009keyword,
  title={Keyword programming in Java},
  author={Little, Greg and Miller, Robert C},
  journal={Automated Software Engineering},
  volume={16},
  number={1},
  pages={37},
  year={2009},
  publisher={Springer}
}

@inproceedings{robbes2008program,
  title={How program history can improve code completion},
  author={Robbes, Romain and Lanza, Michele},
  booktitle={2008 23rd IEEE/ACM International Conference on Automated Software Engineering},
  pages={317--326},
  year={2008},
  organization={IEEE}
}

@inproceedings{han2009code,
  title={Code completion from abbreviated input},
  author={Han, Sangmok and Wallace, David R and Miller, Robert C},
  booktitle={2009 IEEE/ACM International Conference on Automated Software Engineering},
  pages={332--343},
  year={2009},
  organization={IEEE}
}

@inproceedings{bruch2009learning,
  title={Learning from examples to improve code completion systems},
  author={Bruch, Marcel and Monperrus, Martin and Mezini, Mira},
  booktitle={Proceedings of the 7th joint meeting of the European software engineering conference and the ACM SIGSOFT symposium on the foundations of software engineering},
  pages={213--222},
  year={2009}
}

@article{lu2018neural,
  title={Neural text generation: Past, present and beyond},
  author={Lu, Sidi and Zhu, Yaoming and Zhang, Weinan and Wang, Jun and Yu, Yong},
  journal={arXiv preprint arXiv:1803.07133},
  year={2018}
}

@article{bengio2003neural,
  title={A neural probabilistic language model},
  author={Bengio, Yoshua and Ducharme, R{\'e}jean and Vincent, Pascal and Jauvin, Christian},
  journal={Journal of machine learning research},
  volume={3},
  number={Feb},
  pages={1137--1155},
  year={2003}
}

@inproceedings{mikolov2010recurrent,
  title={Recurrent neural network based language model},
  author={Mikolov, Tom{\'a}{\v{s}} and Karafi{\'a}t, Martin and Burget, Luk{\'a}{\v{s}} and {\v{C}}ernock{\`y}, Jan and Khudanpur, Sanjeev},
  booktitle={Eleventh annual conference of the international speech communication association},
  year={2010}
}

@article{hochreiter1997long,
  title={Long short-term memory},
  author={Hochreiter, Sepp and Schmidhuber, J{\"u}rgen},
  journal={Neural computation},
  volume={9},
  number={8},
  pages={1735--1780},
  year={1997},
  publisher={MIT Press}
}

@article{radford2019language,
  title={Language models are unsupervised multitask learners},
  author={Radford, Alec and Wu, Jeffrey and Child, Rewon and Luan, David and Amodei, Dario and Sutskever, Ilya},
  journal={OpenAI Blog},
  volume={1},
  number={8},
  pages={9},
  year={2019}
}

@inproceedings{allamanis2015suggesting,
  title={Suggesting accurate method and class names},
  author={Allamanis, Miltiadis and Barr, Earl T and Bird, Christian and Sutton, Charles},
  booktitle={Proceedings of the 2015 10th Joint Meeting on Foundations of Software Engineering},
  pages={38--49},
  year={2015}
}

@inproceedings{mikolov2013distributed,
  title={Distributed representations of words and phrases and their compositionality},
  author={Mikolov, Tomas and Sutskever, Ilya and Chen, Kai and Corrado, Greg S and Dean, Jeff},
  booktitle={Advances in neural information processing systems},
  pages={3111--3119},
  year={2013}
}

@article{hidehikoasttoken2vec,
  title={ASTToken2Vec: An Embedding Method for Neural Code Completion},
  author={Hidehiko, Li Dongfang Masuhara}
}

@article{hochreiter1997long,
  title={Long short-term memory},
  author={Hochreiter, Sepp and Schmidhuber, J{\"u}rgen},
  journal={Neural computation},
  volume={9},
  number={8},
  pages={1735--1780},
  year={1997},
  publisher={MIT Press}
}

@article{cho2014learning,
  title={Learning phrase representations using RNN encoder-decoder for statistical machine translation},
  author={Cho, Kyunghyun and Van Merri{\"e}nboer, Bart and Gulcehre, Caglar and Bahdanau, Dzmitry and Bougares, Fethi and Schwenk, Holger and Bengio, Yoshua},
  journal={arXiv preprint arXiv:1406.1078},
  year={2014}
}

@inproceedings{goodfellow2014generative,
  title={Generative adversarial nets},
  author={Goodfellow, Ian and Pouget-Abadie, Jean and Mirza, Mehdi and Xu, Bing and Warde-Farley, David and Ozair, Sherjil and Courville, Aaron and Bengio, Yoshua},
  booktitle={Advances in neural information processing systems},
  pages={2672--2680},
  year={2014}
}



